<record><leader>00000cas a22000007a 4500</leader><controlfield tag="001">35769648</controlfield><controlfield tag="008">961021d19361936okuwr n       0    0eng d</controlfield><datafield ind1=" " ind2=" " tag="010"><subfield code="a">sn 96093085 </subfield></datafield><datafield ind1=" " ind2=" " tag="040"><subfield code="a">OBN</subfield><subfield code="b">eng</subfield><subfield code="c">OBN</subfield><subfield code="d">OCLCQ</subfield><subfield code="d">OCLCF</subfield><subfield code="d">OCLCO</subfield></datafield><datafield ind1="1" ind2=" " tag="029"><subfield code="a">AU@</subfield><subfield code="b">000012911327</subfield></datafield><datafield ind1=" " ind2=" " tag="042"><subfield code="a">msc</subfield></datafield><datafield ind1=" " ind2=" " tag="043"><subfield code="a">n-us-ok</subfield></datafield><datafield ind1="0" ind2=" " tag="130"><subfield code="a">Mayes County republican (Pryor, Okla. : 1936)</subfield></datafield><datafield ind1="1" ind2="4" tag="245"><subfield code="a">The Mayes County republican.</subfield></datafield><datafield ind1=" " ind2=" " tag="260"><subfield code="a">Pryor, Okla. :</subfield><subfield code="b">[s.n.]</subfield></datafield><datafield ind1=" " ind2=" " tag="300"><subfield code="a">v.</subfield></datafield><datafield ind1=" " ind2=" " tag="310"><subfield code="a">Weekly</subfield></datafield><datafield ind1="0" ind2=" " tag="362"><subfield code="a">Vol. 1, no. 1 (Oct. 15, 1936)-v. 1, no. 3 (Oct. 29, 1936).</subfield></datafield><datafield ind1=" " ind2=" " tag="500"><subfield code="a">"Political Advertisement."</subfield></datafield><datafield ind1=" " ind2=" " tag="580"><subfield code="a">Issued with: Mayes County democrat, Oct. 15-29, 1936.</subfield></datafield><datafield ind1=" " ind2="0" tag="651"><subfield code="a">Pryor (Okla.)</subfield><subfield code="v">Newspapers.</subfield></datafield><datafield ind1=" " ind2="0" tag="651"><subfield code="a">Mayes County (Okla.)</subfield><subfield code="v">Newspapers.</subfield></datafield><datafield ind1=" " ind2="7" tag="655"><subfield code="a">Newspapers.</subfield><subfield code="2">fast</subfield><subfield code="0">(OCoLC)fst01423814</subfield></datafield><datafield ind1=" " ind2="7" tag="651"><subfield code="a">Oklahoma</subfield><subfield code="z">Mayes County.</subfield><subfield code="2">fast</subfield><subfield code="0">(OCoLC)fst01218453</subfield></datafield><datafield ind1=" " ind2="7" tag="651"><subfield code="a">Oklahoma</subfield><subfield code="z">Pryor.</subfield><subfield code="2">fast</subfield><subfield code="0">(OCoLC)fst01220765</subfield></datafield><datafield ind1=" " ind2=" " tag="752"><subfield code="a">United States</subfield><subfield code="b">Oklahoma</subfield><subfield code="c">Mayes County</subfield><subfield code="d">Pryor.</subfield></datafield><datafield ind1="0" ind2=" " tag="777"><subfield code="t">Mayes County democrat (Pryor, Okla. : 1919)</subfield><subfield code="w">(DLC)sn 96093931</subfield><subfield code="w">(OCoLC)35365241</subfield></datafield></record>